@preamble{ "\newcommand{\noopsort}[1]{} "
	# "\newcommand{\printfirst}[2]{#1} "
	# "\newcommand{\singleletter}[1]{#1} "
	# "\newcommand{\switchargs}[2]{#2#1} " }

@book{ TellMePorthos,
	author = "{斬士ポルトス}",
	title  = "おしえてポルトス!!",
	publisher= "アトス出版",
	address= "ロンドン",
	year   = "1194"
}

@article{ DayPosER_11_12,
	author="{電波神ダルタニアン}",
	title="電波論文の飛ばし方 {II}",
	journal="日刊毒電波学会論文誌",
	year="1193",
	volume="11",
	pages="12-34"
}

@misc{ URLSample,
	author = "{URL参照サンプル}",
	title  = "{URL 参照のサンプル}",
	howpublished = "\url{http://this.is.sample.url/xx/yy/}",
	Note = {参照:2015.01.01}
}
